@misc{ttn,
  author       = {{The Things Network}},
  title        = {{The Things Network docs}},
  howpublished = {\url{https://www.thethingsnetwork.org/docs/}},
  url          = {https://www.thethingsnetwork.org/docs/}
}

@misc{mkr1310,
  author       = {{Arduino}},
  title        = {{MKR WAN 1310}},
  howpublished = {\url{https://store.arduino.cc/products/arduino-mkr-wan-1310}},
  url          = {https://store.arduino.cc/products/arduino-mkr-wan-1310}
}

@misc{wisgate,
  author       = {{Arduino}},
  title        = {{WisGate Edge Lite 2}},
  howpublished = {\url{https://store.arduino.cc/products/wisgate-edge-lite2}},
  url          = {https://store.arduino.cc/products/wisgate-edge-lite2}
}

@misc{rakwirelessdocs,
  author       = {{RAKwireless}},
  title        = {{RAK7268 Quick Start Guide}},
  howpublished = {\url{https://docs.rakwireless.com/product-categories/wisgate/rak7268/quickstart/}},
  url          = {https://docs.rakwireless.com/product-categories/wisgate/rak7268/quickstart/}
}

@misc{lorawan,
  author       = {{LoRa Alliance}},
  title        = {{LoRaWAN Specification v1.1}},
  howpublished = {\url{https://lora-alliance.org/resource_hub/lorawan-specification-v1-1/}},
  url          = {https://lora-alliance.org/resource_hub/lorawan-specification-v1-1/}
}